<record xmlns="http://www.loc.gov/MARC21/slim" xmlns:xsi="http://www.w3.org/2001/XMLSchema-instance" xsi:schemaLocation="http://www.loc.gov/MARC21/slim http://www.loc.gov/standards/marcxml/schema/MARC21slim.xsd"><leader>     nam a22        4500</leader><controlfield tag="001">3076350</controlfield><controlfield tag="003">NNC</controlfield><controlfield tag="006">m        d        </controlfield><controlfield tag="007">cr cn |||m|||a</controlfield><controlfield tag="008">150316s1878    ir      o     000 0 ara d</controlfield><datafield ind1=" " ind2=" " tag="040"><subfield code="a">NNU</subfield><subfield code="b">eng</subfield><subfield code="e">rda</subfield><subfield code="c">NNU</subfield></datafield><datafield ind1="0" ind2=" " tag="041"><subfield code="a">ara</subfield><subfield code="a">per</subfield></datafield><datafield ind1="1" ind2=" " tag="100"><subfield code="a">Nara&#772;qi&#772;, Mulla&#772; Ah&#803;mad.</subfield></datafield><datafield ind1="1" ind2="0" tag="245"><subfield code="a">Khaza&#772;&#700;in bi sa&#699;i&#772; va ihtima&#772;m-i Zain al-&#699;A&#772;bidi&#772;n ibn Muh&#803;ammad-i Khunsa&#772;ri&#772;.</subfield></datafield><datafield ind1=" " ind2=" " tag="260"><subfield code="a">[T&#803;ihra&#772;n]</subfield><subfield code="c">1295 [1878]</subfield></datafield><datafield ind1=" " ind2=" " tag="300"><subfield code="a">online resource (412 pages)</subfield></datafield><datafield ind1=" " ind2=" " tag="336"><subfield code="a">text</subfield><subfield code="2">rdacontent</subfield></datafield><datafield ind1=" " ind2=" " tag="337"><subfield code="a">computer</subfield><subfield code="2">rdamedia</subfield></datafield><datafield ind1=" " ind2=" " tag="338"><subfield code="a">online resource</subfield><subfield code="2">rdacarrier</subfield></datafield><datafield ind1=" " ind2=" " tag="500"><subfield code="a">Part of the Arabic Collections Online (ACO) project, contributed by Columbia University Libraries.</subfield></datafield><datafield ind1=" " ind2=" " tag="533"><subfield code="a">Electronic reproduction.</subfield><subfield code="b">New York, N.Y. :</subfield><subfield code="c">New York University,</subfield><subfield code="d">2015.</subfield><subfield code="5">NNU</subfield></datafield><datafield ind1=" " ind2=" " tag="546"><subfield code="a">Arabic and Persian text.</subfield></datafield><datafield ind1=" " ind2=" " tag="500"><subfield code="a">Information taken from colophon.</subfield></datafield><datafield ind1="2" ind2=" " tag="710"><subfield code="a">Columbia University.</subfield><subfield code="b">Libraries.</subfield></datafield><datafield ind1="0" ind2=" " tag="730"><subfield code="a">Arabic Collections Online.</subfield></datafield><datafield ind1="0" ind2="8" tag="776"><subfield code="i">Online version:</subfield><subfield code="a">Nara&#772;qi&#772;, Mulla&#772; Ah&#803;mad.</subfield><subfield code="t">Khaza&#772;&#700;in bi sa&#699;i&#772; va ihtima&#772;m-i Zain al-&#699;A&#772;bidi&#772;n ibn Muh&#803;ammad-i Khunsa&#772;ri&#772;.</subfield><subfield code="d">[T&#803;ihra&#772;n] 1295 [1878]</subfield><subfield code="w">(OCoLC)653681814</subfield></datafield><datafield ind1="0" ind2="8" tag="776"><subfield code="i">Print version:</subfield><subfield code="a">Nara&#772;qi&#772;, Mulla&#772; Ah&#803;mad.</subfield><subfield code="t">Khaza&#772;&#700;in bi sa&#699;i&#772; va ihtima&#772;m-i Zain al-&#699;A&#772;bidi&#772;n ibn Muh&#803;ammad-i Khunsa&#772;ri&#772;</subfield><subfield code="w">(NNC)3076350</subfield><subfield code="w">(OCoLC)47857773</subfield></datafield><datafield ind1="4" ind2="0" tag="856"><subfield code="u">http://hdl.handle.net/2333.1/dbrv17s0</subfield></datafield><datafield ind1=" " ind2=" " tag="959"><subfield code="a">NNU</subfield><subfield code="b">WEB</subfield><subfield code="c">GENI</subfield><subfield code="t">0</subfield><subfield code="m">Electronic access</subfield><subfield code="s">01</subfield></datafield><datafield ind1=" " ind2=" " tag="999"><subfield code="i">NNC_3076350</subfield><subfield code="o">(OCoLC)ocm47857773 </subfield><subfield code="s">columbia_aco000274</subfield><subfield code="e">(ERROR-880)</subfield></datafield></record>